@misc{author-1:19,
  author       = {Author},
  title        = {Title},
  howpublished = {\url{https://website.com/}},
  note         = {[Online; accessed 1-January-2019]},
  keywords     = {cite}
}

@article{author-2:19,
  author       = {Author},
  journal      = {Journal},
  title        = {Title},
  year         = 2019,
  volume       = 1,
  number       = 1,
  pages        = {1-2},
  doi          = {XX.XXXX/XX.XXXXXX},
  ISSN         = {XXXX-XXXX},
  month        = {January},
  keywords     = {cite}
}