@misc{expressjs:19,
  title        = {Express.js},
  howpublished = {\url{https://expressjs.com/}},
  note         = {[Online; accessed 18-January-2019]},
  keywords     = {cite}
}

@misc{nodejs:19,
  author       = {Node.js Foundation},
  title        = {Node.js},
  howpublished = {\url{https://nodejs.org/en/}},
  note         = {[Online; accessed 18-January-2019]},
  keywords     = {cite}
}

@misc{mongodb:19,
  author       = {MongoDB Inc.},
  title        = {MongoDB},
  howpublished = {\url{https://www.mongodb.com/}},
  note         = {[Online; accessed 20-January-2019]},
  keywords     = {cite}
}

@misc{github:19,
  author       = {GitHub},
  title        = {ElectronJs},
  howpublished = {\url{https://electronjs.org/}},
  note         = {[Online; accessed 18-January-2019]},
  keywords     = {cite}
}

@article{iyer:13,
  author       = {Iyer, Ganesh},
  year         = {2013},
  month        = {01},
  title        = {Node.js: Event-driven Concurrency for Web Applications},
  doi          = {10.13140/RG.2.1.2591.9849},
  keywords     = {cite}
}

@article{rising:00,
  author       = {L. Rising and N. S. Janoff},
  journal      = {IEEE Software},
  title        = {The Scrum software development process for small teams},
  year         = 2000,
  volume       = 17,
  number       = 4,
  pages        = {26-32},
  doi          = {10.1109/52.854065},
  ISSN         = {0740-7459},
  month        = {July},
  keywords     = {cite}
}